@article{wager2017estimation,
	title={Estimation and inference of heterogeneous treatment effects using random forests},
	author={Wager, Stefan and Athey, Susan},
	journal={Journal of the American Statistical Association},
	volume={113},
	pages={1228--1242},
	year={2018},
	publisher={Taylor \& Francis}
}

@book{friedman2001elements,
	title={The elements of statistical learning},
	author={Friedman, Jerome and Hastie, Trevor and Tibshirani, Robert},
	volume={1},
	number={10},
	year={2001},
	publisher={Springer series in statistics New York, NY, USA:}
}

@article{wu1997cross,
	title={A cross-validation bandwidth choice for kernel density estimates with selection biased data},
	author={Wu, Colin O},
	journal={Journal of multivariate analysis},
	volume={61},
	number={1},
	pages={38--60},
	year={1997},
	publisher={Elsevier}
}

@article{butler1989tree,
	title = {Tree-Structured Survival Analysis},
	author = {Butler, Jeffrey and Gilpin, Elizabeth A and Gordon, Louis and Olshen, Richard A},
	year = {1989},
	journal = {Technical Report, Stanford University} 
}
@article{muller1994hazard,
	title={Hazard rate estimation under random censoring with varying kernels and bandwidths},
	author={Muller, Hans-Georg and Wang, Jane-Ling},
	journal={Biometrics},
	pages={61--76},
	volume={50},
	number={1},
	year={1994},
	publisher={JSTOR}
}

@article{ishwaran2010consistency,
	title={Consistency of random survival forests},
	author={Ishwaran, Hemant and Kogalur, Udaya B},
	journal={Statistics \& probability letters},
	volume={80},
	number={13-14},
	pages={1056--1064},
	year={2010},
	publisher={Elsevier}
}

@article{cui2017some,
	title={Some asymptotic results of survival tree and forest models},
	author={Cui, Yifan and Zhu, Ruoqing and Zhou, Mai and Kosorok, Michael},
	journal={arXiv preprint arXiv:1707.09631},
	year={2018+}
}


@article{hothorn2004bagging,
	title={Bagging survival trees},
	author={Hothorn, Torsten and Lausen, Berthold and Benner, Axel and Radespiel-Tr{\"o}ger, Martin},
	journal={Statistics in medicine},
	volume={23},
	number={1},
	pages={77--91},
	year={2004},
	publisher={Wiley Online Library}
}

@article{ciampi1986stratification,
	title={Stratification by stepwise regression, correspondence analysis and recursive partition: a comparison of three methods of analysis for survival data with covariates},
	author={Ciampi, Antonio and Thiffault, Johanne and Nakache, Jean-Pierre and Asselain, Bernard},
	journal={Computational statistics \& data analysis},
	volume={4},
	number={3},
	pages={185--204},
	year={1986},
	publisher={North-Holland}
}

@article{goldman1996response,
	title={Response of CD4 lymphocytes and clinical consequences of treatment using ddI or ddC in patients with advanced HIV infection},
	author={Goldman, Anne I and Carlin, Bradley P and Crane, Lawrence R and Launer, Cynthia and Korvick, Joyce A and Deyton, Lawrence and Abrams, Donald I},
	journal={Journal of Acquired Immune Deficiency Syndromes},
	volume={11},
	number={2},
	pages={161--169},
	year={1996},
	publisher={LWW}
}

@article{fleming1995insights,
	title={Insights from monitoring the CPCRA didanosine/zalcitabine trial. Terry Beirn Community Programs for Clinical Research on AIDS.},
	author={Fleming, TR and Neaton, JD and Goldman, A and DeMets, DL and Launer, C and Korvick, J and Abrams, D},
	journal={Journal of Acquired Immune Deficiency Syndromes and Human Retrovirology},
	volume={10},
	pages={S9--S18},
	year={1995}
}

@Manual{R,
  title =	 {R: A Language and Environment for Statistical
                  Computing},
  author =	 {{R Core Team}},
  organization = {R Foundation for Statistical Computing},
  address =	 {Vienna, Austria},
  year =	 2018,
  url =		 {https://www.R-project.org/},
}

@article{abrams1994comparative,
  title =	 {A comparative trial of didanosine or zalcitabine
                  after treatment with zidovudine in patients with
                  human immunodeficiency virus infection},
  author =	 {Abrams, Donald I and Goldman, Anne I and Launer,
                  Cynthia and Korvick, Joyce A and Neaton, James D and
                  Crane, Lawrence R and Grodesky, Michael and
                  Wakefield, Steven and Muth, Katherine and Kornegay,
                  Sandra and others},
  journal =	 {New England Journal of Medicine},
  volume =	 330,
  number =	 10,
  pages =	 {657--662},
  year =	 1994
}

@article{athey2018generalized,
  title =	 {Generalized Random Forests},
  author =	 {Athey, Susan and Tibshirani, Julie and Wager,
                  Stefan},
  journal =	 {The Annals of Statistics},
  year =	 2018,
  note = {Forthcoming}
}

@article{bacchetti1995survival,
  title =	 {Survival trees with time-dependent covariates:
                  {A}pplication to estimating changes in the
                  incubation period of {AIDS}},
  author =	 {Bacchetti, Peter and Segal, Mark R},
  journal =	 {Lifetime Data Analysis},
  volume =	 1,
  number =	 1,
  pages =	 {35--47},
  year =	 1995,
  publisher =	 {Springer}
}

@article{bou2011discrete,
  title =	 {Discrete-time survival trees and forests with
                  time-varying covariates: application to bankruptcy
                  data},
  author =	 {Bou-Hamad, Imad and Larocque, Denis and Ben-Ameur,
                  Hatem},
  journal =	 {Statistical Modelling},
  volume =	 11,
  number =	 5,
  pages =	 {429--446},
  year =	 2011,
  publisher =	 {Sage Publications Sage India: New Delhi, India}
}

@article{bou2011review,
  title =	 {A review of survival trees},
  author =	 {Bou-Hamad, Imad and Larocque, Denis and Ben-Ameur,
                  Hatem},
  journal =	 {Statistics Surveys},
  volume =	 5,
  pages =	 {44--71},
  year =	 2011
}

@book{breiman1984classification,
  title =	 {Classification and Regression Trees},
  author =	 {Breiman, Leo and Friedman, Jerome and Stone, Charles
                  J and Olshen, Richard A},
  year =	 1984,
  publisher =	 {CRC press}
}

@article{breiman1996bagging,
  title =	 {Bagging predictors},
  author =	 {Breiman, Leo},
  journal =	 {Machine learning},
  volume =	 24,
  number =	 2,
  pages =	 {123--140},
  year =	 1996,
  publisher =	 {Springer}
}

@article{breiman2001random,
  title =	 {Random forests},
  author =	 {Breiman, Leo},
  journal =	 {Machine Learning},
  volume =	 45,
  number =	 1,
  pages =	 {5--32},
  year =	 2001,
  publisher =	 {Springer}
}

@article{cheng1995analysis,
  title =	 {Analysis of transformation models with censored
                  data},
  author =	 {Cheng, SC and Wei, LJ and Ying, Z},
  journal =	 {Biometrika},
  volume =	 82,
  number =	 4,
  pages =	 {835--845},
  year =	 1995,
  publisher =	 {Oxford University Press}
}

@article{ciampi1987recursive,
  title =	 {Recursive partition: a versatile method for
                  exploratory data analysis in biostatistics},
  author =	 {Ciampi, A and Chang, CH and Hogg, S and McKinney, S},
  journal =	 {Biostatistics},
  volume =	 38,
  pages =	 {23--50},
  year =	 1987,
  publisher =	 {Springer}
}

@article{ciampi1995tree,
  title =	 {Tree-structured prediction for censored survival
                  data and the Cox model},
  author =	 {Ciampi, Antonio and Negassa, Abdissa and Lou, Zihyi},
  journal =	 {Journal of Clinical Epidemiology},
  volume =	 48,
  number =	 5,
  pages =	 {675--689},
  year =	 1995,
  publisher =	 {Elsevier}
}

@article{davis1989exponential,
  title =	 {Exponential survival trees},
  author =	 {Davis, Roger B and Anderson, James R},
  journal =	 {Statistics in Medicine},
  volume =	 8,
  number =	 8,
  pages =	 {947--961},
  year =	 1989,
  publisher =	 {Wiley Online Library}
}

@article{fan2006trees,
  title =	 {Trees for correlated survival data by goodness of
                  split, with applications to tooth prognosis},
  author =	 {Fan, Juanjuan and Su, Xiao-Gang and Levine, Richard
                  A and Nunn, Martha E and LeBlanc, Michael},
  journal =	 {Journal of the American Statistical Association},
  volume =	 101,
  number =	 475,
  pages =	 {959--967},
  year =	 2006,
  publisher =	 {Taylor \& Francis}
}

@inproceedings{ferri2002learning,
  title =	 {Learning decision trees using the area under the
                  {ROC} curve},
  author =	 {Ferri, C{\'e}sar and Flach, Peter and
                  Hern{\'a}ndez-Orallo, Jos{\'e}},
  booktitle =	 {ICML},
  volume =	 2,
  pages =	 {139--146},
  year =	 2002
}

@article{fisher1999time,
  title =	 {Time-dependent covariates in the Cox
                  proportional-hazards regression model},
  author =	 {Fisher, Lloyd D and Lin, Danyu Y},
  journal =	 {Annual review of public health},
  volume =	 20,
  number =	 1,
  pages =	 {145--157},
  year =	 1999,
  publisher =	 {Annual Reviews 4139 El Camino Way, PO Box 10139,
                  Palo Alto, CA 94303-0139, USA}
}

@article{fu2017survival,
  title =	 {Survival trees for left-truncated and right-censored
                  data, with application to time-varying covariate
                  data},
  author =	 {Fu, Wei and Simonoff, Jeffrey S},
  journal =	 {Biostatistics},
  volume =	 18,
  number =	 2,
  pages =	 {352--369},
  year =	 2017,
  publisher =	 {Oxford University Press}
}

@article{gordon1985tree,
  title =	 {Tree-structured survival analysis.},
  author =	 {Gordon, Louis and Olshen, Richard A},
  journal =	 {Cancer Treatment Reports},
  volume =	 69,
  number =	 10,
  pages =	 {1065--1069},
  year =	 1985
}

@book{green1966signal,
  title =	 {Signal Detection Theory and Psychophysics},
  author =	 {Green Dand Swets, J},
  year =	 1966,
  publisher =	 {New York: Wiley: New York}
}

@article{harrell1982evaluating,
  title =	 {Evaluating the yield of medical tests},
  author =	 {Harrell, Frank E and Califf, Robert M and Pryor,
                  David B and Lee, Kerry L and Rosati, Robert A},
  journal =	 {Journal of the American Medical Association},
  volume =	 247,
  number =	 18,
  pages =	 {2543--2546},
  year =	 1982
}

@article{heagerty2000time,
  title =	 {Time-dependent {ROC} curves for censored survival
                  data and a diagnostic marker},
  author =	 {Heagerty, Patrick J and Lumley, Thomas and Pepe,
                  Margaret S},
  journal =	 {Biometrics},
  volume =	 56,
  number =	 2,
  pages =	 {337--344},
  year =	 2000,
  publisher =	 {Wiley Online Library}
}

@article{heagerty2005survival,
  title =	 {Survival model predictive accuracy and {ROC} curves},
  author =	 {Heagerty, Patrick J and Zheng, Yingye},
  journal =	 {Biometrics},
  volume =	 61,
  number =	 1,
  pages =	 {92--105},
  year =	 2005,
  publisher =	 {Wiley Online Library}
}

@article{hothorn2006survival,
  title =	 {Survival ensembles},
  author =	 {Hothorn, Torsten and B{\"u}hlmann, Peter and Dudoit,
                  Sandrine and Molinaro, Annette and Van Der Laan,
                  Mark J},
  journal =	 {Biostatistics},
  volume =	 7,
  number =	 3,
  pages =	 {355--373},
  year =	 2006,
  publisher =	 {Oxford University Press}
}

@article{hothorn2006unbiased,
  title =	 {Unbiased recursive partitioning: A conditional
                  inference framework},
  author =	 {Hothorn, Torsten and Hornik, Kurt and Zeileis,
                  Achim},
  journal =	 {Journal of Computational and Graphical Statistics},
  volume =	 15,
  number =	 3,
  pages =	 {651--674},
  year =	 2006,
  publisher =	 {Taylor \& Francis}
}

@article{huang1998piecewise,
  title =	 {Piecewise exponential survival trees with
                  time-dependent covariates},
  author =	 {Huang, Xin and Chen, Shande and Soong, Seng-Jaw},
  journal =	 {Biometrics},
  pages =	 {1420--1433},
  year =	 1998,
  volume =	 54,
  number =	 4,
  publisher =	 {JSTOR}
}

@article{ishwaran2008random,
  title =	 {Random survival forests},
  author =	 {Ishwaran, Hemant and Kogalur, Udaya B and
                  Blackstone, Eugene H and Lauer, Michael S},
  journal =	 {The Annals of Applied Statistics},
  volume =	 2,
  number =	 3,
  pages =	 {841--860},
  year =	 2008,
  publisher =	 {JSTOR}
}

@article{jin2004alternative,
  title =	 {Alternative tree-structured survival analysis based
                  on variance of survival time},
  author =	 {Jin, Hua and Lu, Ying and Stone, Kaite and Black,
                  Dennis M},
  journal =	 {Medical Decision Making},
  volume =	 24,
  number =	 6,
  pages =	 {670--680},
  year =	 2004,
  publisher =	 {Sage Publications Sage CA: Thousand Oaks, CA}
}

@book{kalbfleisch2011statistical,
  title =	 {The Statistical Analysis of Failure Time Data},
  author =	 {Kalbfleisch, John D and Prentice, Ross L},
  year =	 2011,
  publisher =	 {John Wiley \& Sons}
}

@article{leblanc1992relative,
  title =	 {Relative risk trees for censored survival data},
  author =	 {LeBlanc, Michael and Crowley, John},
  journal =	 {Biometrics},
  pages =	 {411--425},
  volume =	 48,
  number =	 2,
  year =	 1992,
  publisher =	 {JSTOR}
}

@article{leblanc1993survival,
  title =	 {Survival trees by goodness of split},
  author =	 {LeBlanc, Michael and Crowley, John},
  journal =	 {Journal of the American Statistical Association},
  volume =	 88,
  number =	 422,
  pages =	 {457--467},
  year =	 1993,
  publisher =	 {Taylor \& Francis Group}
}

@article{leblanc1995review,
  title =	 {A review of tree-based prognostic models},
  author =	 {LeBlanc, Michael and Crowley, John},
  journal =	 {Recent Advances in Clinical Trial Design and
                  Analysis},
  pages =	 {113--124},
  year =	 1995,
  publisher =	 {Kluwer, New York}
}

@article{liu2009non,
  title =	 {A non-parametric approach to scale reduction for
                  uni-dimensional screening scales},
  author =	 {Liu, Xinhua and Jin, Zhezhen},
  journal =	 {The International Journal of Biostatistics},
  volume =	 5,
  number =	 1,
  year =	 2009,
  publisher =	 {De Gruyter}
}

@article{liu2009non,
  title =	 {A non-parametric approach to scale reduction for
                  uni-dimensional screening scales},
  author =	 {Liu, Xinhua and Jin, Zhezhen},
  journal =	 {The International Journal of Biostatistics},
  volume =	 5,
  number =	 1,
  year =	 2009
}

@article{loh2014fifty,
  title =	 {Fifty years of classification and regression trees},
  author =	 {Loh, Wei-Yin},
  journal =	 {International Statistical Review},
  volume =	 82,
  number =	 3,
  pages =	 {329--348},
  year =	 2014,
  publisher =	 {Wiley Online Library}
}

@article{mcintosh2002combining,
  title =	 {Combining several screening tests: {O}ptimality of
                  the risk score},
  author =	 {McIntosh, Martin W and Pepe, Margaret Sullivan},
  journal =	 {Biometrics},
  volume =	 58,
  number =	 3,
  pages =	 {657--664},
  year =	 2002,
  publisher =	 {Wiley Online Library}
}

@article{meinshausen2006quantile,
  title =	 {Quantile regression forests},
  author =	 {Meinshausen, Nicolai},
  journal =	 {Journal of Machine Learning Research},
  volume =	 7,
  number =	 {Jun},
  pages =	 {983--999},
  year =	 2006
}

@article{molinaro2004tree,
  title =	 {Tree-based multivariate regression and density
                  estimation with right-censored data},
  author =	 {Molinaro, Annette M and Dudoit, Sandrine and Van der
                  Laan, Mark J},
  journal =	 {Journal of Multivariate Analysis},
  volume =	 90,
  number =	 1,
  pages =	 {154--177},
  year =	 2004,
  publisher =	 {Elsevier}
}

@article{moradian2017l_1,
  title =	 {$L_1$ {L}1 splitting rules in survival forests},
  author =	 {Moradian, Hoora and Larocque, Denis and Bellavance,
                  Fran{\c{c}}ois},
  journal =	 {Lifetime data analysis},
  volume =	 23,
  number =	 4,
  pages =	 {671--691},
  year =	 2017,
  publisher =	 {Springer}
}

@article{muller1991smooth,
  title =	 {Smooth optimum kernel estimators near endpoints},
  author =	 {M{\"u}ller, Hans-Georg},
  journal =	 {Biometrika},
  volume =	 78,
  number =	 3,
  pages =	 {521--530},
  year =	 1991,
  publisher =	 {Oxford University Press}
}

@article{nobel1996histogram,
  title =	 {Histogram regression estimation using data-dependent
                  partitions},
  author =	 {Nobel, Andrew},
  journal =	 {The Annals of Statistics},
  volume =	 24,
  number =	 3,
  pages =	 {1084--1105},
  year =	 1996,
  publisher =	 {Institute of Mathematical Statistics}
}

@book{pepe2003statistical,
  title =	 {The Statistical Evaluation of Medical Tests for
                  Classification and Prediction},
  author =	 {Pepe, Margaret Sullivan},
  year =	 2003,
  publisher =	 {Oxford: Oxford University Press}
}

@Article{ranger,
  title =	 {{ranger}: A Fast Implementation of Random Forests
                  for High Dimensional Data in {C++} and {R}},
  author =	 {Marvin N. Wright and Andreas Ziegler},
  journal =	 {Journal of Statistical Software},
  year =	 2017,
  volume =	 77,
  number =	 1,
  pages =	 {1--17},
  doi =		 {10.18637/jss.v077.i01},
}

@Manual{rfsrc,
  title =	 {Random Forests for Survival, Regression, and
                  Classification (RF-SRC)},
  author =	 {H. Ishwaran and U.B. Kogalur},
  publisher =	 {manual},
  year =	 2018,
  note =	 {R package version 2.6.1},
  url =		 {https://cran.r-project.org/package=randomForestSRC},
  pdf =
                  {https://cran.r-project.org/web/packages/randomForestSRC/randomForestSRC.pdf},
}

@Manual{rpart,
  title =	 {rpart: Recursive Partitioning and Regression Trees},
  author =	 {Terry Therneau and Beth Atkinson},
  year =	 2018,
  note =	 {R package version 4.1-13},
  url =		 {https://CRAN.R-project.org/package=rpart},
}

@article{schmid2016use,
  title =	 {On the use of {H}arrell's {C} for clinical risk
                  prediction via random survival forests},
  author =	 {Schmid, Matthias and Wright, Marvin N and Ziegler,
                  Andreas},
  journal =	 {Expert Systems with Applications},
  volume =	 63,
  issue =	 {C},
  pages =	 {450--459},
  year =	 2016,
  publisher =	 {Elsevier}
}

@article{segal1988regression,
  title =	 {Regression trees for censored data},
  author =	 {Segal, Mark Robert},
  journal =	 {Biometrics},
  pages =	 {35--47},
  volume =	 44,
  number =	 1,
  year =	 1988,
  publisher =	 {JSTOR}
}

@article{song2014censored,
  title =	 {Censored rank independence screening for
                  high-dimensional survival data},
  author =	 {Song, Rui and Lu, Wenbin and Ma, Shuangge and Jessie
                  Jeng, X},
  journal =	 {Biometrika},
  volume =	 101,
  number =	 4,
  pages =	 {799--814},
  year =	 2014,
  publisher =	 {Oxford University Press}
}

@article{steingrimsson2016doubly,
  title =	 {Doubly robust survival trees},
  author =	 {Steingrimsson, Jon Arni and Diao, Liqun and
                  Molinaro, Annette M and Strawderman, Robert L},
  journal =	 {Statistics in Medicine},
  volume =	 35,
  number =	 20,
  pages =	 {3595--3612},
  year =	 2016,
  publisher =	 {Wiley Online Library}
}

@article{steingrimsson2018censoring,
  title =	 {Censoring unbiased regression trees and ensembles},
  author =	 {Steingrimsson, Jon Arni and Diao, Liqun and
                  Strawderman, Robert L},
  journal =	 {Journal of the American Statistical Association},
  year =	 2018,
  note = {Forthcoming}
}

@article{tsai1987note,
  title =	 {A note on the product-limit estimator under right
                  censoring and left truncation},
  author =	 {Tsai, Wei-Yann and Jewell, Nicholas P and Wang,
                  Mei-Cheng},
  journal =	 {Biometrika},
  volume =	 74,
  number =	 4,
  pages =	 {883--886},
  year =	 1987,
  publisher =	 {Oxford University Press}
}

@article{uno2011c,
  title =	 {On the {C}-statistics for evaluating overall
                  adequacy of risk prediction procedures with censored
                  survival data},
  author =	 {Uno, Hajime and Cai, Tianxi and Pencina, Michael J
                  and D'Agostino, Ralph B and Wei, L J},
  journal =	 {Statistics in Medicine},
  volume =	 30,
  number =	 10,
  pages =	 {1105--1117},
  year =	 2011,
  publisher =	 {Wiley Online Library}
}

@article{wallace2014time,
  title =	 {Time-dependent tree-structured survival analysis
                  with unbiased variable selection through permutation
                  tests},
  author =	 {Wallace, ML},
  journal =	 {Statistics in Medicine},
  volume =	 33,
  number =	 27,
  pages =	 {4790--4804},
  year =	 2014,
  publisher =	 {Wiley Online Library}
}

@article{wang1986asymptotic,
  title =	 {Asymptotic properties of the product limit estimate
                  under random truncation},
  author =	 {Wang, Mei-Cheng and Jewell, Nicholas P and Tsai,
                  Wei-Yann},
  journal =	 {Annals of Statistics},
  pages =	 {1597--1605},
  year =	 1986,
  volume =	 14,
  number =	 4,
  publisher =	 {JSTOR}
}

@article{yukich1985laws,
  title =	 {Laws of large numbers for classes of functions},
  author =	 {Yukich, JE},
  journal =	 {Journal of Multivariate Analysis},
  volume =	 17,
  number =	 3,
  pages =	 {245--260},
  year =	 1985,
  publisher =	 {Elsevier}
}

@article{zhang1995splitting,
  title =	 {Splitting criteria in survival trees},
  author =	 {Zhang, Heping},
  journal =	 {Statistical Modelling},
  pages =	 {305--313},
  volume =	 104,
  year =	 1995,
  publisher =	 {Springer}
}

@article{zhu2012recursively,
  title =	 {Recursively imputed survival trees},
  author =	 {Zhu, Ruoqing and Kosorok, Michael R},
  journal =	 {Journal of the American Statistical Association},
  volume =	 107,
  number =	 497,
  pages =	 {331--340},
  year =	 2012,
  publisher =	 {Taylor \& Francis Group}
}
